% papbib.bib

% This is the .bib file used to compile the document "A simple Science
% template" (scifile.tex).  It is not intended as an example of how to
% set up your BibTeX file.

@misc{ref1, note="V. Khachatryan (CMS Collaboration), J. High Energy Phys. 09, 091 (2010)."}
@misc{ref2, note="S. Chatrchyan (CMS Collaboration), J. High Energy Phys. 07, 076 (2011)."}
@misc{ref3, note="S. Chatrchyan (CMS Collaboration), Phys. Let. B 718, 795 (2013)."}
@misc{ref4, note="S. Chatrchyan (CMS Collaboration), Phys. Let. B 724, 213 (2013)."}
@misc{ref5, note="S. Chatrchyan (CMS Collaboration), J. High Energy Phys. 02, 088 (2014)."}
@misc{ref6, note="V. Khachatryan (CMS Collaboration), Phys. Let. B 742, 200 (2015)."}
@misc{ref7, note="J. Adams (STAR Collaboration), Phys. Rev. Lett. 115, 012301 (2015)."}
@misc{ref8, note="V. Khachatryan (CMS Collaboration), J. High Energy Phys. 02, 156 (2016)."}
@misc{ref9, note="V. Khachatryan (CMS Collaboration), Phys. Let. B 765, 193 (2017)."}
@misc{ref10, note="B. Abelev (ALICE Collaboration), Phys. Lett. B 726, 164 (2013)."}
@misc{ref11, note="J. Adam (ALICE Collaboration), Phys. Lett. B 753, 126 (2016)."}


@misc{ref12, note="J. Adams (STAR Collaboration), Phys. Rev. Lett. 95, 152301 (2005)."}
@misc{ref13, note="J. Adams (STAR Collaboration), Phys. Rev. C 73, 064907 (2006)."}
@misc{ref14, note="J. Putschke (STAR Collaboration), J. Phys. G 34, S679 (2007)."}
@misc{ref15, note="J. Bielcikova (STAR Collaboration), J. Phys. G 34, S929 (2007)."}
@misc{ref16, note="L. Molnar (STAR Collaboration), J. Phys. G 34, S593 (2007)."}
@misc{ref17, note="R. S. Longacre (STAR Collaboration0, Int. J. Mod. Phys. E 16, 2149 (2007)."}
@misc{ref18, note="C. Nattrass (STAR Collaboration), J. Phys. G 35, 104110 (2008)."}
@misc{ref19, note="A. Feng (STAR Collaboration), J. Phys. G 35, 104082 (2008)."}
@misc{ref20, note="P. K. Netrakanti (STAR Collaboration), J. Phys. G 35, 104010 (2008)."}
@misc{ref21, note="O. Barannikova (STAR Collaboration), J. Phys. G 35, 104086 (2008)."}
@misc{ref22, note="M. Daugherity (STAR Collaboration), J. Phys. G 35, 104090 (2008)."}
@misc{ref23, note="M. van Leeuwen (STAR Collaboration), Eur. Phys. J. C 61, 569 (2009)."}
@misc{ref24, note="A. Adare (PHENIX Collaboration), Eur. Phys. J. C 78, 064907 (2009)."}
@misc{ref25, note="M. P. McCumber (PHENIX Collaboration), J. Phys. G 35, 104033 (2008)."}
@misc{ref26, note="Jiangyong Jia (PHENIX Collaboration), J. Phys. G 35, 104033 (2008)."}
@misc{ref27, note="E. Wenger (PHOBOS Collaboration), J. Phys. G 35, 104080 (2008)."}

@misc{Wong_1, note="C. Y. Wong, Parton Momentum Distribution at the Moment of Jet-Parton Collisions, 2008 Chin. Phys. Lett. 25 3936-3939."}
@misc{Wong_2, note="C. Y. Wong, Ridge structure in the $\mathrm{\Delta\phi}-\mathrm{\Delta\eta}$ correlation function associated with a near-side jet, Phys. Rev. C 76 054908 (2007)."}

@misc{alice, note="ALICE collaboration, Acharya, S., Adamov√°, D. et al. Long- and short-range correlations and their event-scale dependence in high-multiplicity pp collisions at $\sqrt s = 13 TeV$, J. High Energ. Phys. 2021, 290 (2021)."}
@misc{cms, note="CMS collaboration, V. Khachatryan et al., Measurement of Long-Range Near-Side Two-Particle Angular Correlations in pp Collisions at $\sqrt s=13\ TeV$, Phys. Rev. Lett. 116 (2016) 172302."}
@misc{atlas, note="ATLAS collaboration, G. Aad et al., Observation of Long-Range Elliptic Azimuthal Anisotropies in $\sqrt s=13 and 2.76 TeV$ pp Collisions with the ATLAS Detector, Phys. Rev. Lett. 116 (2016) 172301."}

@misc{PbPb, note="Youn, Taewook and Yoon, Jin-Hee, Application of the momentum kick model to PbPb Collisions at $\sqrt{s_{NN}}=2.76TeV$ at the LHC, J.Korean Phys.Soc. 71(2017) 12, 917-922."}


