@article{article,
author = {Youn, Taewook and Yoon, Jin-Hee},
year = {2017},
month = {12},
pages = {917-922},
title = {Application of the momentum kick model to pbpb collisions at $$\sqrt {{s_{NN}}} $$ s N N = 2.76 TeV at the LHC},
volume = {71},
journal = {Journal of the Korean Physical Society},
doi = {10.3938/jkps.71.917}
}