@article{article,
author = {Khachatryan, Vardan and Sirunyan, A. M and Tumasyan, A. and Adam, W. and Asilar, E. and Bergauer, Thomas and Brandstetter, J. and Brondolin, E. and Dragicevic, Marko and Erö, J. and Flechl, M. and Friedl, M. and Frühwirth, Rudolf and Ghete, V. M and Hartl, C. and Hörmann, N. and Hrubec, J. and Jeitler, M. and Knünz, V. and Woods, N.},
year = {2016},
month = {04},
pages = {},
title = {Measurement of Long-Range Near-Side Two-Particle Angular Correlations in p p Collisions at s = 13 TeV},
volume = {116},
journal = {Physical Review Letters},
doi = {10.1103/PhysRevLett.116.172302}
}